@article{2020A,
  title={A Badging System for Reproducibility and Replicability in Remote Sensing Research},
  author={Frery, A. C.  and  Gomez, L.  and  Souza, Acm },
  journal={IEEE Journal of Selected Topics in Applied Earth Observations and Remote Sensing},
  volume={PP},
  number={99},
  pages={1-1},
  year={2020},
}